 @Manual{k1,
    title = {knitr: A General-Purpose Package for Dynamic Report
      Generation in R},
    author = {Yihui Xie},
    year = {2015},
    note = {R package version 1.10.5},
    url = {http://yihui.name/knitr/},
  }
  @Book{k2,
    title = {Dynamic Documents with {R} and knitr},
    author = {Yihui Xie},
    publisher = {Chapman and Hall/CRC},
    address = {Boca Raton, Florida},
    year = {2013},
    note = {ISBN 978-1482203530},
    url = {http://yihui.name/knitr/},
  }
  @InCollection{k3,
    booktitle = {Implementing Reproducible Computational Research},
    editor = {Victoria Stodden and Friedrich Leisch and Roger D. Peng},
    title = {knitr: A Comprehensive Tool for Reproducible Research in
      {R}},
    author = {Yihui Xie},
    publisher = {Chapman and Hall/CRC},
    year = {2014},
    note = {ISBN 978-1466561595},
    url = {http://www.crcpress.com/product/isbn/9781466561595},
  }
  
   @Manual{xtable,
    title = {xtable: Export tables to LaTeX or HTML},
    author = {David B. Dahl},
    year = {2014},
    note = {R package version 1.7-4},
    url = {http://CRAN.R-project.org/package=xtable},
  }
  
   @Article{texreg,
    title = {{texreg}: Conversion of Statistical Model Output in {R} to {\LaTeX} and {HTML} Tables},
    author = {Philip Leifeld},
    journal = {Journal of Statistical Software},
    year = {2013},
    volume = {55},
    number = {8},
    pages = {1--24},
    url = {http://www.jstatsoft.org/v55/i08/},
  }
  
  @article{thall1990some,
  title={Some covariance models for longitudinal count data with overdispersion},
  author={Thall, Peter F and Vail, Stephen C},
  journal={Biometrics},
  pages={657--671},
  year={1990},
  publisher={JSTOR}
}

@book{wakefield2013bayesian,
  title={Bayesian and frequentist regression methods},
  author={Wakefield, Jon},
  year={2013},
  publisher={Springer Science \& Business Media}
}

@article{kahn2005exhalent,
  title={An exhalent problem for teaching statistics},
  author={Kahn, Michael},
  journal={The Journal of Statistical Education},
  volume={13},
  number={2},
  year={2005}
}

 @Book{ggplot2,
    author = {Hadley Wickham},
    title = {ggplot2: elegant graphics for data analysis},
    publisher = {Springer New York},
    year = {2009},
    isbn = {978-0-387-98140-6},
    url = {http://had.co.nz/ggplot2/book},
  }
  
  @misc{mcgrath1986british,
    title={British Social Attitudes 1983-1986 panel survey},
    author={McGrath, K and Waterton, J},
    year={1986},
    publisher={London}
  }
  
  @article{knott1991scoring,
    title={Scoring attitudes to abortion},
    author={Knott, Martin and Albanese, Maria Teresa and Galbraith, Jane},
    journal={The Statistician},
    pages={217--223},
    year={1991},
    publisher={JSTOR}
  }
  
  @Book{lattice,
      title = {Lattice: Multivariate Data Visualization with R},
      author = {Deepayan Sarkar},
      publisher = {Springer},
      address = {New York},
      year = {2008},
      note = {ISBN 978-0-387-75968-5},
      url = {http://lmdvr.r-forge.r-project.org},
    }
    
     @Manual{mag,
    title = {magrittr: A Forward-Pipe Operator for R},
    author = {Stefan Milton Bache and Hadley Wickham},
    year = {2014},
    note = {R package version 1.5},
    url = {http://CRAN.R-project.org/package=magrittr},
  }
  
@book{chris,
  title={Reproducible Research with R and R Studio},
  author={Gandrud, Christopher},
  year={2013},
  publisher={CRC Press}
}

@misc{iihs,
  title={Car Size, Weight and Safety},
  author={{Insurance Institute for Highway Safety}},
  journal={Vol. 44, no. 4, April 14},
  year={2009},
  howpublished="\url{https://www.iihs.org}"
}

@misc{jiang,
  title={Log-linear Models for 3-Way Contingency Tables},
  author={{Wenyu Jiang}},
  journal={Queen's University},
  year={2013},
  howpublished="\url{https://www.mast.queensu.ca/~wjiang}"
}

@Book{ripley,
author = {Venables and Ripley},
title = {Modern Applied Statistics with S},
publisher = {Springer},
year = {2002},
edition = {4th},
month = {March},
}

@article{Meyer,
  author =	"David Meyer and Achim Zeileis and Kurt Hornik",
  title =	"The Strucplot Framework: Visualizing Multi-way Contingency Tables with vcd",
  journal =	"Journal of Statistical Software",
  volume =	"17",
  number =	"3",
  pages =	"1--48",
  day =  	"19",
  month =	"10",
  year = 	"2006",
  CODEN =	"JSSOBK",
  ISSN = 	"1548-7660",
  bibdate =	"2006-10-19",
  URL =  	"http://www.jstatsoft.org/v17/i03",
  accepted =	"2006-10-19",
  acknowledgement = "",
  keywords =	"",
  submitted =	"2005-11-02",
}

@Book{agreti,
author = {Alan Agresti},
title = {Categorical Data Analysis},
publisher = {John Wiley and Sons},
year = {2002},
edition = {2nd},
month = {March},
}

@misc{mfriendly,
  title={Working with categorical data with R and the vcd and vcdExtra packages},
  author={{Michael Friendly}},
  journal={York University},
  year={2013},
  howpublished="\url{https://www.math.yorku.ca/SCS/vcd/}"
}