@article{ott1999principal,
  title={A principal-components approach based on heritability for combining phenotype information.},
  author={Ott, Jurg and Rabinowitz, Daniel},
  journal={Human heredity},
  volume={49},
  number={2},
  pages={106--111},
  year={1999}
}