@article{penrose1985generalized,
  title={GENERALIZED BODY COMPOSITION PREDICTION EQUATION FOR MEN USING SIMPLE MEASUREMENT TECHNIQUES.},
  author={Penrose, Keith W and Nelson, AG and Fisher, A Garth},
  journal={Medicine \& Science in Sports \& Exercise},
  volume={17},
  number={2},
  pages={189},
  year={1985},
  publisher={LWW}
}

@article{johnson1996fitting,
  title={Fitting percentage of body fat to simple body measurements},
  author={Johnson, Roger W},
  journal={Journal of Statistics Education},
  volume={4},
  number={1},
  pages={265--266},
  year={1996}
}

 @Manual{mfp,
    title = {mfp: Multivariable Fractional Polynomials},
    author = {original by Gareth Ambler and modified by Axel Benner},
    year = {2015},
    note = {R package version 1.5.1},
    url = {http://CRAN.R-project.org/package=mfp},
  }
  
  @Manual{k1,
    title = {knitr: A General-Purpose Package for Dynamic Report
      Generation in R},
    author = {Yihui Xie},
    year = {2015},
    note = {R package version 1.10.5},
    url = {http://yihui.name/knitr/},
  }
  @Book{k2,
    title = {Dynamic Documents with {R} and knitr},
    author = {Yihui Xie},
    publisher = {Chapman and Hall/CRC},
    address = {Boca Raton, Florida},
    year = {2013},
    note = {ISBN 978-1482203530},
    url = {http://yihui.name/knitr/},
  }
  @InCollection{k3,
    booktitle = {Implementing Reproducible Computational Research},
    editor = {Victoria Stodden and Friedrich Leisch and Roger D. Peng},
    title = {knitr: A Comprehensive Tool for Reproducible Research in
      {R}},
    author = {Yihui Xie},
    publisher = {Chapman and Hall/CRC},
    year = {2014},
    note = {ISBN 978-1466561595},
    url = {http://www.crcpress.com/product/isbn/9781466561595},
  }