@article{chiaretti2004gene,
  title={Gene expression profile of adult T-cell acute lymphocytic leukemia identifies distinct subsets of patients with different response to therapy and survival},
  author={Chiaretti, Sabina and Li, Xiaochun and Gentleman, Robert and Vitale, Antonella and Vignetti, Marco and Mandelli, Franco and Ritz, Jerome and Foa, Robin},
  journal={Blood},
  volume={103},
  number={7},
  pages={2771--2778},
  year={2004},
  publisher={Am Soc Hematology}
}

@techreport{cluster,
     title = {{Cluster Analysis in DNA Microarray Experiments}},
     author = {Sandrine Dudoit and Robert Gentleman},
     group = {Bioconductor Short Course},
     year = {2002},
     url = {http://www.bioconductor.org/help/course-materials/2002/Seattle02/Cluster/cluster.pdf}
}

  @Manual{k1,
    title = {knitr: A General-Purpose Package for Dynamic Report
      Generation in R},
    author = {Yihui Xie},
    year = {2015},
    note = {R package version 1.10.5},
    url = {http://yihui.name/knitr/},
  }
  @Book{k2,
    title = {Dynamic Documents with {R} and knitr},
    author = {Yihui Xie},
    publisher = {Chapman and Hall/CRC},
    address = {Boca Raton, Florida},
    year = {2013},
    note = {ISBN 978-1482203530},
    url = {http://yihui.name/knitr/},
  }
  @InCollection{k3,
    booktitle = {Implementing Reproducible Computational Research},
    editor = {Victoria Stodden and Friedrich Leisch and Roger D. Peng},
    title = {knitr: A Comprehensive Tool for Reproducible Research in
      {R}},
    author = {Yihui Xie},
    publisher = {Chapman and Hall/CRC},
    year = {2014},
    note = {ISBN 978-1466561595},
    url = {http://www.crcpress.com/product/isbn/9781466561595},
  }
  
    @Manual{all,
    title = {ALL: A data package},
    author = {Xiaochun Li},
    year = {2009},
    note = {R package version 1.10.0},
  }
