  
    @Manual{joseph,
    title = {Principles of Inferential Statistics in Medicine},
    author = {Lawrence Joseph},
    year = {2010},
    note = {EPIB 607},
    url = {  http://www.medicine.mcgill.ca/epidemiology/Joseph/courses/EPIB-607/notes.pdf},
  }
  
  
  @Manual{k1,
    title = {knitr: A General-Purpose Package for Dynamic Report
      Generation in R},
    author = {Yihui Xie},
    year = {2015},
    note = {R package version 1.10.5},
    url = {http://yihui.name/knitr/},
  }
  @Book{k2,
    title = {Dynamic Documents with {R} and knitr},
    author = {Yihui Xie},
    publisher = {Chapman and Hall/CRC},
    address = {Boca Raton, Florida},
    year = {2013},
    note = {ISBN 978-1482203530},
    url = {http://yihui.name/knitr/},
  }
  @InCollection{k3,
    booktitle = {Implementing Reproducible Computational Research},
    editor = {Victoria Stodden and Friedrich Leisch and Roger D. Peng},
    title = {knitr: A Comprehensive Tool for Reproducible Research in
      {R}},
    author = {Yihui Xie},
    publisher = {Chapman and Hall/CRC},
    year = {2014},
    note = {ISBN 978-1466561595},
    url = {http://www.crcpress.com/product/isbn/9781466561595},
  }