 @Manual{k1,
    title = {knitr: A General-Purpose Package for Dynamic Report
      Generation in R},
    author = {Yihui Xie},
    year = {2015},
    note = {R package version 1.10.5},
    url = {http://yihui.name/knitr/},
  }
  @Book{k2,
    title = {Dynamic Documents with {R} and knitr},
    author = {Yihui Xie},
    publisher = {Chapman and Hall/CRC},
    address = {Boca Raton, Florida},
    year = {2013},
    note = {ISBN 978-1482203530},
    url = {http://yihui.name/knitr/},
  }
  @InCollection{k3,
    booktitle = {Implementing Reproducible Computational Research},
    editor = {Victoria Stodden and Friedrich Leisch and Roger D. Peng},
    title = {knitr: A Comprehensive Tool for Reproducible Research in
      {R}},
    author = {Yihui Xie},
    publisher = {Chapman and Hall/CRC},
    year = {2014},
    note = {ISBN 978-1466561595},
    url = {http://www.crcpress.com/product/isbn/9781466561595},
  }
  
   @Manual{xtable,
    title = {xtable: Export tables to LaTeX or HTML},
    author = {David B. Dahl},
    year = {2014},
    note = {R package version 1.7-4},
    url = {http://CRAN.R-project.org/package=xtable},
  }
  
   @Article{texreg,
    title = {{texreg}: Conversion of Statistical Model Output in {R} to {\LaTeX} and {HTML} Tables},
    author = {Philip Leifeld},
    journal = {Journal of Statistical Software},
    year = {2013},
    volume = {55},
    number = {8},
    pages = {1--24},
    url = {http://www.jstatsoft.org/v55/i08/},
  }
  
  @article{thall1990some,
  title={Some covariance models for longitudinal count data with overdispersion},
  author={Thall, Peter F and Vail, Stephen C},
  journal={Biometrics},
  pages={657--671},
  year={1990},
  publisher={JSTOR}
}

@book{wakefield2013bayesian,
  title={Bayesian and frequentist regression methods},
  author={Wakefield, Jon},
  year={2013},
  publisher={Springer Science \& Business Media}
}